@misc{Lundberg2017aunified,
      title={A Unified Approach to Interpreting Model Predictions}, 
      author={Scott Lundberg and Su-In Lee},
      year={2017},
      eprint={1705.07874},
      archivePrefix={arXiv},
      primaryClass={cs.AI}
}

@misc{ribeiro2016why,
      title={Why Should I Trust You?": Explaining the Predictions of Any Classifier}, 
      author={Marco Tulio Ribeiro and Sameer Singh and Carlos Guestrin},
      year={2016},
      eprint={1602.04938},
      archivePrefix={arXiv},
      primaryClass={cs.LG}
}

@misc{chu2019exact,
      title={Exact and Consistent Interpretation for Piecewise Linear Neural Networks: A Closed Form Solution}, 
      author={Lingyang Chu and Xia Hu and Juhua Hu and Lanjun Wang and Jian Pei},
      year={2019},
      eprint={1802.06259},
      archivePrefix={arXiv},
      primaryClass={cs.CV}
}